@inproceedings{Tang2024GraphGPT,
  title={Graphgpt: Graph instruction tuning for large language models},
  author={Jiabin Tang and Qinkai Zheng and Yuchen Yan and Hongliang Fei and Jianfei Cai and Li Guo},
  booktitle={Proceedings of the 47th International ACM SIGIR Conference on Research and Development in Information Retrieval},
  year={2024}
}

@article{Kau2024CombiningKGLLM,
  title={Combining Knowledge Graphs and Large Language Models},
  author={A. Kau and X. He and A. Nambissan and A. Astudillo and H. Yin and A. Aryani},
  journal={arXiv preprint arXiv:2407.06564},
  year={2024}
}

@article{Yasunaga2022DBLP,
  title={Deep bidirectional language-knowledge graph pretraining},
  author={Michihiro Yasunaga and Hongyu Ren and Antoine Bosselut and Percy Liang and Jure Leskovec},
  journal={Advances in Neural Information Processing Systems},
  volume={35},
  pages={37309-37323},
  year={2022}
}

@article{Plenz2024GLM,
  title={Graph Language Models},
  author={Moritz Plenz and Anette Frank},
  journal={arXiv preprint arXiv:2401.07105},
  year={2024}
}

@article{Zhang2024CoK,
    title={Chain-of-knowledge: Integrating knowledge reasoning into large language models by learning from knowledge graphs},
    author={Zhang, Y. and Wang, X. and Liang, J. and Xia, S. and Chen, L. and Xiao, Y.},
    journal={arXiv preprint arXiv:2407.00653},
    year={2024}
}

@article{Wang2024InfuserKI,
    title={InfuserKI: Enhancing large language models with knowledge graphs via infuser-guided knowledge integration},
    author={Wang, F. and Bao, R. and Wang, S. and Yu, W. and Liu, Y. and Cheng, W. and Chen, H.},
    journal={arXiv preprint arXiv:2402.11441},
    year={2024}
}
